<record><leader>00000cas a22000007a 4500</leader><controlfield tag="001">19329673</controlfield><controlfield tag="008">890308d18971901gauwr ne      0    0eng d</controlfield><datafield ind1=" " ind2=" " tag="010"><subfield code="a">sn 88054065 </subfield></datafield><datafield ind1=" " ind2=" " tag="040"><subfield code="a">NLG</subfield><subfield code="b">eng</subfield><subfield code="c">NLG</subfield><subfield code="d">GUA</subfield><subfield code="d">OCLCQ</subfield><subfield code="d">OCLCF</subfield><subfield code="d">OCLCO</subfield></datafield><datafield ind1="1" ind2=" " tag="029"><subfield code="a">AU@</subfield><subfield code="b">000041128908</subfield></datafield><datafield ind1=" " ind2=" " tag="042"><subfield code="a">msc</subfield></datafield><datafield ind1=" " ind2=" " tag="043"><subfield code="a">n-us-ga</subfield></datafield><datafield ind1="0" ind2=" " tag="130"><subfield code="a">Southern record (Toccoa, Ga.)</subfield></datafield><datafield ind1="1" ind2="4" tag="245"><subfield code="a">The Southern record.</subfield></datafield><datafield ind1=" " ind2=" " tag="260"><subfield code="a">Toccoa, Ga. :</subfield><subfield code="b">Southern Pub. Co.,</subfield><subfield code="c">1897-</subfield></datafield><datafield ind1=" " ind2=" " tag="300"><subfield code="a">v.</subfield></datafield><datafield ind1=" " ind2=" " tag="310"><subfield code="a">Weekly</subfield></datafield><datafield ind1="0" ind2=" " tag="362"><subfield code="a">Vol. 24, no. 15 (Feb. 19, 1897)-</subfield></datafield><datafield ind1="1" ind2=" " tag="362"><subfield code="a">Ceased in 1901?</subfield></datafield><datafield ind1=" " ind2=" " tag="530"><subfield code="a">Also on microfilm: Athens, Ga. : University of Georgia Libraries.</subfield></datafield><datafield ind1=" " ind2="0" tag="651"><subfield code="a">Toccoa (Ga.)</subfield><subfield code="v">Newspapers.</subfield></datafield><datafield ind1=" " ind2="0" tag="651"><subfield code="a">Stephens County (Ga.)</subfield><subfield code="v">Newspapers.</subfield></datafield><datafield ind1=" " ind2="7" tag="655"><subfield code="a">Newspapers.</subfield><subfield code="2">fast</subfield><subfield code="0">(OCoLC)fst01423814</subfield></datafield><datafield ind1=" " ind2="7" tag="651"><subfield code="a">Georgia</subfield><subfield code="z">Stephens County.</subfield><subfield code="2">fast</subfield><subfield code="0">(OCoLC)fst01209538</subfield></datafield><datafield ind1=" " ind2="7" tag="651"><subfield code="a">Georgia</subfield><subfield code="z">Toccoa.</subfield><subfield code="2">fast</subfield><subfield code="0">(OCoLC)fst01209889</subfield></datafield><datafield ind1=" " ind2=" " tag="752"><subfield code="a">United States</subfield><subfield code="b">Georgia</subfield><subfield code="c">Habersham</subfield><subfield code="d">Toccoa.</subfield></datafield><datafield ind1="0" ind2="0" tag="780"><subfield code="t">Toccoa times-news</subfield><subfield code="w">(DLC)sn 88054064</subfield><subfield code="w">(OCoLC)22045184</subfield></datafield><datafield ind1="0" ind2="0" tag="785"><subfield code="t">Toccoa record</subfield><subfield code="w">(DLC)sn 88054066</subfield><subfield code="w">(OCoLC)22045276</subfield></datafield></record>